%YAML 1.1
%TAG !u! tag:unity3d.com,2011:
--- !u!1001 &100100000
Prefab:
  m_ObjectHideFlags: 1
  serializedVersion: 2
  m_Modification:
    m_TransformParent: {fileID: 0}
    m_Modifications: []
    m_RemovedComponents: []
  m_SourcePrefab: {fileID: 0}
  m_RootGameObject: {fileID: 1985798595583508}
  m_IsPrefabAsset: 1
--- !u!1 &1519802082212646
GameObject:
  m_ObjectHideFlags: 0
  m_CorrespondingSourceObject: {fileID: 0}
  m_PrefabInternal: {fileID: 100100000}
  serializedVersion: 6
  m_Component:
  - component: {fileID: 224006722071484586}
  - component: {fileID: 223962915730954766}
  - component: {fileID: 114245603826376982}
  - component: {fileID: 114618426913982650}
  m_Layer: 5
  m_Name: Canvas
  m_TagString: Untagged
  m_Icon: {fileID: 0}
  m_NavMeshLayer: 0
  m_StaticEditorFlags: 0
  m_IsActive: 1
--- !u!1 &1643316674873634
GameObject:
  m_ObjectHideFlags: 1
  m_CorrespondingSourceObject: {fileID: 0}
  m_PrefabInternal: {fileID: 100100000}
  serializedVersion: 6
  m_Component:
  - component: {fileID: 224235534018367470}
  - component: {fileID: 222347822627052774}
  - component: {fileID: 114973424185010860}
  m_Layer: 5
  m_Name: Text
  m_TagString: Untagged
  m_Icon: {fileID: 0}
  m_NavMeshLayer: 0
  m_StaticEditorFlags: 0
  m_IsActive: 1
--- !u!1 &1985798595583508
GameObject:
  m_ObjectHideFlags: 0
  m_CorrespondingSourceObject: {fileID: 0}
  m_PrefabInternal: {fileID: 100100000}
  serializedVersion: 6
  m_Component:
  - component: {fileID: 4972931929839344}
  - component: {fileID: 8633865683676809144}
  - component: {fileID: 114794719129629330}
  - component: {fileID: 68119843446187270}
  - component: {fileID: 50319816782884118}
  - component: {fileID: 114766797841370004}
  m_Layer: 9
  m_Name: Squiggle1
  m_TagString: Untagged
  m_Icon: {fileID: 0}
  m_NavMeshLayer: 0
  m_StaticEditorFlags: 0
  m_IsActive: 1
--- !u!4 &4972931929839344
Transform:
  m_ObjectHideFlags: 1
  m_CorrespondingSourceObject: {fileID: 0}
  m_PrefabInternal: {fileID: 100100000}
  m_GameObject: {fileID: 1985798595583508}
  m_LocalRotation: {x: 0, y: 0, z: 0, w: 1}
  m_LocalPosition: {x: -3.88, y: 0.95, z: 0}
  m_LocalScale: {x: 1, y: 1, z: 1}
  m_Children:
  - {fileID: 224006722071484586}
  m_Father: {fileID: 0}
  m_RootOrder: 0
  m_LocalEulerAnglesHint: {x: 0, y: 0, z: 0}
--- !u!50 &50319816782884118
Rigidbody2D:
  serializedVersion: 4
  m_ObjectHideFlags: 1
  m_CorrespondingSourceObject: {fileID: 0}
  m_PrefabInternal: {fileID: 100100000}
  m_GameObject: {fileID: 1985798595583508}
  m_BodyType: 0
  m_Simulated: 1
  m_UseFullKinematicContacts: 0
  m_UseAutoMass: 0
  m_Mass: 1
  m_LinearDrag: 0
  m_AngularDrag: 0.05
  m_GravityScale: 1
  m_Material: {fileID: 0}
  m_Interpolate: 2
  m_SleepingMode: 1
  m_CollisionDetection: 0
  m_Constraints: 0
--- !u!68 &68119843446187270
EdgeCollider2D:
  m_ObjectHideFlags: 1
  m_CorrespondingSourceObject: {fileID: 0}
  m_PrefabInternal: {fileID: 100100000}
  m_GameObject: {fileID: 1985798595583508}
  m_Enabled: 1
  m_Density: 1
  m_Material: {fileID: 0}
  m_IsTrigger: 0
  m_UsedByEffector: 0
  m_UsedByComposite: 0
  m_Offset: {x: 0, y: 0}
  m_EdgeRadius: 0
  m_Points:
  - {x: -1.46898, y: -2.97025}
  - {x: -1.42438, y: -2.96701}
  - {x: -1.37997, y: -2.96178}
  - {x: -1.33584, y: -2.95457}
  - {x: -1.29207, y: -2.94539}
  - {x: -1.24876, y: -2.93426}
  - {x: -1.20599, y: -2.92121}
  - {x: -1.16384, y: -2.90626}
  - {x: -1.12241, y: -2.88944}
  - {x: -1.08176, y: -2.87079}
  - {x: -1.042, y: -2.85034}
  - {x: -1.00318, y: -2.82813}
  - {x: -0.9654, y: -2.8042}
  - {x: -0.92873, y: -2.77861}
  - {x: -0.89324, y: -2.75141}
  - {x: -0.85899, y: -2.72265}
  - {x: -0.82607, y: -2.69238}
  - {x: -0.79454, y: -2.66068}
  - {x: -0.76445, y: -2.62759}
  - {x: -0.73587, y: -2.5932}
  - {x: -0.70886, y: -2.55756}
  - {x: -0.68347, y: -2.52075}
  - {x: -0.65975, y: -2.48284}
  - {x: -0.63775, y: -2.4439}
  - {x: -0.61751, y: -2.40403}
  - {x: -0.59908, y: -2.36329}
  - {x: -0.58248, y: -2.32176}
  - {x: -0.56776, y: -2.27954}
  - {x: -0.55494, y: -2.23669}
  - {x: -0.54405, y: -2.19332}
  - {x: -0.53511, y: -2.14951}
  - {x: -0.52814, y: -2.10534}
  - {x: -0.52222, y: -2.0499}
  - {x: -0.49627, y: -1.71996}
  - {x: -0.40793, y: -0.88402}
  - {x: -0.24284, y: 0.21823}
  - {x: 0.0056, y: 1.32331}
  - {x: 0.26771, y: 2.01501}
  - {x: 0.68389, y: 1.52415}
  - {x: 0.71356, y: 1.4907}
  - {x: 0.73709, y: 1.46619}
  - {x: 1.79741, y: 0.39852}
  - {x: 1.82962, y: 0.3675}
  - {x: 1.86319, y: 0.33796}
  - {x: 1.89804, y: 0.30994}
  - {x: 1.93411, y: 0.28351}
  - {x: 1.97133, y: 0.25872}
  - {x: 2.00962, y: 0.23562}
  - {x: 2.0489, y: 0.21425}
  - {x: 2.0891, y: 0.19466}
  - {x: 2.13014, y: 0.17689}
  - {x: 2.17193, y: 0.16097}
  - {x: 2.21439, y: 0.14693}
  - {x: 2.27275, y: 0.13099}
  - {x: 3.54458, y: -0.17539}
  - {x: 3.58828, y: -0.18489}
  - {x: 3.63236, y: -0.19242}
  - {x: 3.67673, y: -0.19798}
  - {x: 3.72131, y: -0.20155}
  - {x: 3.766, y: -0.20312}
  - {x: 3.81072, y: -0.20269}
  - {x: 3.85537, y: -0.20026}
  - {x: 3.89987, y: -0.19584}
  - {x: 3.94412, y: -0.18944}
  - {x: 3.9675, y: -0.18523}
  - {x: 5.34207, y: 0.07892}
  - {x: 5.38578, y: 0.08834}
  - {x: 5.42903, y: 0.0997}
  - {x: 5.47173, y: 0.11299}
  - {x: 5.51379, y: 0.12817}
  - {x: 5.55514, y: 0.14522}
  - {x: 5.57908, y: 0.1561}
  - {x: 6.94763, y: 0.8}
  - {x: 6.98766, y: 0.81994}
  - {x: 7.02675, y: 0.84165}
  - {x: 7.07524, y: 0.87189}
  - {x: 8.329, y: 1.70477}
  - {x: 8.36568, y: 1.73034}
  - {x: 8.40355, y: 1.75943}
  - {x: 9.43375, y: 2.59054}
  - {x: 9.48091, y: 2.63107}
  - {x: 10.1788, y: 3.26963}
  - {x: 10.20871, y: 3.29816}
  - {x: 10.4655, y: 3.5534}
  - {x: 10.49651, y: 3.58562}
  - {x: 10.52604, y: 3.6192}
  - {x: 10.55404, y: 3.65407}
  - {x: 10.58045, y: 3.69015}
  - {x: 10.60523, y: 3.72738}
  - {x: 10.62831, y: 3.76568}
  - {x: 10.64966, y: 3.80497}
  - {x: 10.66924, y: 3.84518}
  - {x: 10.68699, y: 3.88622}
  - {x: 10.70289, y: 3.92802}
  - {x: 10.71691, y: 3.97048}
  - {x: 10.72902, y: 4.01353}
  - {x: 10.73918, y: 4.05708}
  - {x: 10.7474, y: 4.10104}
  - {x: 10.75363, y: 4.14532}
  - {x: 10.75789, y: 4.18984}
  - {x: 10.76014, y: 4.2345}
  - {x: 10.7604, y: 4.27922}
  - {x: 10.75866, y: 4.3239}
  - {x: 10.75493, y: 4.36846}
  - {x: 10.7492, y: 4.41281}
  - {x: 10.7415, y: 4.45686}
  - {x: 10.73183, y: 4.50052}
  - {x: 10.72023, y: 4.54371}
  - {x: 10.7067, y: 4.58633}
  - {x: 10.69128, y: 4.62831}
  - {x: 10.67401, y: 4.66956}
  - {x: 10.6549, y: 4.70999}
  - {x: 10.63401, y: 4.74953}
  - {x: 10.61136, y: 4.78809}
  - {x: 10.58702, y: 4.8256}
  - {x: 10.56103, y: 4.86199}
  - {x: 10.53343, y: 4.89718}
  - {x: 10.50429, y: 4.9311}
  - {x: 10.47366, y: 4.96368}
  - {x: 10.44161, y: 4.99486}
  - {x: 10.40819, y: 5.02458}
  - {x: 10.37348, y: 5.05277}
  - {x: 10.33754, y: 5.07938}
  - {x: 10.30045, y: 5.10436}
  - {x: 10.26228, y: 5.12766}
  - {x: 10.2231, y: 5.14923}
  - {x: 10.183, y: 5.16902}
  - {x: 10.14206, y: 5.187}
  - {x: 10.10035, y: 5.20313}
  - {x: 10.05797, y: 5.21738}
  - {x: 10.01499, y: 5.22973}
  - {x: 9.97149, y: 5.24014}
  - {x: 9.92758, y: 5.24859}
  - {x: 9.88334, y: 5.25507}
  - {x: 9.83884, y: 5.25957}
  - {x: 9.7942, y: 5.26207}
  - {x: 9.74948, y: 5.26258}
  - {x: 9.70479, y: 5.26108}
  - {x: 9.6602, y: 5.25759}
  - {x: 9.61582, y: 5.25211}
  - {x: 9.57173, y: 5.24465}
  - {x: 9.52802, y: 5.23523}
  - {x: 9.48477, y: 5.22386}
  - {x: 9.44207, y: 5.21057}
  - {x: 9.40001, y: 5.19539}
  - {x: 9.35867, y: 5.17834}
  - {x: 9.31813, y: 5.15945}
  - {x: 9.27848, y: 5.13878}
  - {x: 9.23979, y: 5.11635}
  - {x: 9.20215, y: 5.09222}
  - {x: 9.16562, y: 5.06642}
  - {x: 9.13028, y: 5.03902}
  - {x: 9.0962, y: 5.01007}
  - {x: 9.05558, y: 4.97188}
  - {x: 8.81351, y: 4.73127}
  - {x: 8.15376, y: 4.12761}
  - {x: 7.18383, y: 3.34512}
  - {x: 6.0297, y: 2.57843}
  - {x: 4.84128, y: 2.01928}
  - {x: 3.80259, y: 1.81967}
  - {x: 3.01673, y: 2.00898}
  - {x: 2.18392, y: 2.84757}
  - {x: 1.37885, y: 3.7971}
  - {x: 1.34918, y: 3.83055}
  - {x: 1.31804, y: 3.86265}
  - {x: 1.28549, y: 3.89332}
  - {x: 1.25161, y: 3.9225}
  - {x: 1.21646, y: 3.95014}
  - {x: 1.1801, y: 3.97618}
  - {x: 1.14262, y: 4.00057}
  - {x: 1.10409, y: 4.02326}
  - {x: 1.06457, y: 4.0442}
  - {x: 1.02417, y: 4.06336}
  - {x: 0.98294, y: 4.08069}
  - {x: 0.94098, y: 4.09616}
  - {x: 0.89838, y: 4.10974}
  - {x: 0.85521, y: 4.1214}
  - {x: 0.81156, y: 4.13111}
  - {x: 0.76752, y: 4.13887}
  - {x: 0.72668, y: 4.14427}
  - {x: 0.06071, y: 4.21836}
  - {x: 0.01617, y: 4.22231}
  - {x: -0.02851, y: 4.22426}
  - {x: -0.07323, y: 4.22422}
  - {x: -0.1179, y: 4.22217}
  - {x: -0.16244, y: 4.21813}
  - {x: -0.20675, y: 4.21211}
  - {x: -0.25074, y: 4.20411}
  - {x: -0.29434, y: 4.19414}
  - {x: -0.33745, y: 4.18224}
  - {x: -0.37998, y: 4.16843}
  - {x: -0.42185, y: 4.15273}
  - {x: -0.46297, y: 4.13517}
  - {x: -0.50328, y: 4.11579}
  - {x: -0.54267, y: 4.09463}
  - {x: -0.58108, y: 4.07172}
  - {x: -0.61843, y: 4.04713}
  - {x: -0.65463, y: 4.02089}
  - {x: -0.68964, y: 3.99305}
  - {x: -0.72336, y: 3.96368}
  - {x: -0.75573, y: 3.93283}
  - {x: -0.78669, y: 3.90057}
  - {x: -0.80272, y: 3.88267}
  - {x: -1.32076, y: 3.29011}
  - {x: -1.34943, y: 3.25579}
  - {x: -1.37654, y: 3.22023}
  - {x: -1.40204, y: 3.18349}
  - {x: -1.42586, y: 3.14565}
  - {x: -1.44797, y: 3.10678}
  - {x: -1.46832, y: 3.06695}
  - {x: -1.48687, y: 3.02626}
  - {x: -1.50301, y: 2.98628}
  - {x: -1.88967, y: 1.96591}
  - {x: -1.90458, y: 1.92375}
  - {x: -1.91759, y: 1.88097}
  - {x: -1.93021, y: 1.8309}
  - {x: -2.20209, y: 0.62155}
  - {x: -2.21092, y: 0.57771}
  - {x: -2.21541, y: 0.55033}
  - {x: -2.38907, y: -0.60918}
  - {x: -2.39456, y: -0.6522}
  - {x: -2.4866, y: -1.52305}
  - {x: -2.48906, y: -1.54976}
  - {x: -2.51606, y: -1.89312}
  - {x: -2.51857, y: -1.93777}
  - {x: -2.51908, y: -1.98248}
  - {x: -2.51759, y: -2.02717}
  - {x: -2.5141, y: -2.07176}
  - {x: -2.50863, y: -2.11614}
  - {x: -2.50117, y: -2.16023}
  - {x: -2.49175, y: -2.20395}
  - {x: -2.48039, y: -2.2472}
  - {x: -2.4671, y: -2.2899}
  - {x: -2.45192, y: -2.33196}
  - {x: -2.43487, y: -2.3733}
  - {x: -2.41599, y: -2.41384}
  - {x: -2.39532, y: -2.45349}
  - {x: -2.3729, y: -2.49218}
  - {x: -2.34876, y: -2.52983}
  - {x: -2.32297, y: -2.56636}
  - {x: -2.29558, y: -2.60171}
  - {x: -2.26663, y: -2.63579}
  - {x: -2.23618, y: -2.66854}
  - {x: -2.2043, y: -2.6999}
  - {x: -2.17105, y: -2.72981}
  - {x: -2.1365, y: -2.75819}
  - {x: -2.10071, y: -2.78501}
  - {x: -2.06376, y: -2.81019}
  - {x: -2.02572, y: -2.8337}
  - {x: -1.98667, y: -2.85549}
  - {x: -1.94668, y: -2.87551}
  - {x: -1.90584, y: -2.89372}
  - {x: -1.86422, y: -2.91008}
  - {x: -1.82191, y: -2.92457}
  - {x: -1.779, y: -2.93716}
  - {x: -1.73557, y: -2.94781}
  - {x: -1.69171, y: -2.95651}
  - {x: -1.6475, y: -2.96324}
  - {x: -1.60303, y: -2.96798}
  - {x: -1.5584, y: -2.97074}
  - {x: -1.51368, y: -2.9715}
  - {x: -1.46898, y: -2.97025}
--- !u!114 &114245603826376982
MonoBehaviour:
  m_ObjectHideFlags: 1
  m_CorrespondingSourceObject: {fileID: 0}
  m_PrefabInternal: {fileID: 100100000}
  m_GameObject: {fileID: 1519802082212646}
  m_Enabled: 1
  m_EditorHideFlags: 0
  m_Script: {fileID: 1980459831, guid: f70555f144d8491a825f0804e09c671c, type: 3}
  m_Name: 
  m_EditorClassIdentifier: 
  m_UiScaleMode: 0
  m_ReferencePixelsPerUnit: 100
  m_ScaleFactor: 1
  m_ReferenceResolution: {x: 800, y: 600}
  m_ScreenMatchMode: 0
  m_MatchWidthOrHeight: 0
  m_PhysicalUnit: 3
  m_FallbackScreenDPI: 96
  m_DefaultSpriteDPI: 96
  m_DynamicPixelsPerUnit: 1
--- !u!114 &114618426913982650
MonoBehaviour:
  m_ObjectHideFlags: 1
  m_CorrespondingSourceObject: {fileID: 0}
  m_PrefabInternal: {fileID: 100100000}
  m_GameObject: {fileID: 1519802082212646}
  m_Enabled: 1
  m_EditorHideFlags: 0
  m_Script: {fileID: 1301386320, guid: f70555f144d8491a825f0804e09c671c, type: 3}
  m_Name: 
  m_EditorClassIdentifier: 
  m_IgnoreReversedGraphics: 1
  m_BlockingObjects: 0
  m_BlockingMask:
    serializedVersion: 2
    m_Bits: 4294967295
--- !u!114 &114766797841370004
MonoBehaviour:
  m_ObjectHideFlags: 1
  m_CorrespondingSourceObject: {fileID: 0}
  m_PrefabInternal: {fileID: 100100000}
  m_GameObject: {fileID: 1985798595583508}
  m_Enabled: 1
  m_EditorHideFlags: 0
  m_Script: {fileID: 11500000, guid: 6156a67fbd6e9fb4798b58597af2dc43, type: 3}
  m_Name: 
  m_EditorClassIdentifier: 
  isHeld: 0
  inRangeOfPlayer: 0
  playerTF: {fileID: 0}
  zRot: 0
--- !u!114 &114794719129629330
MonoBehaviour:
  m_ObjectHideFlags: 1
  m_CorrespondingSourceObject: {fileID: 0}
  m_PrefabInternal: {fileID: 100100000}
  m_GameObject: {fileID: 1985798595583508}
  m_Enabled: 1
  m_EditorHideFlags: 0
  m_Script: {fileID: 11500000, guid: 90539df1cd5704abcb25fec9f3f5f84b, type: 3}
  m_Name: 
  m_EditorClassIdentifier: 
  m_Spline:
    m_IsOpenEnded: 1
    m_ControlPoints:
    - position: {x: -1.5191436, y: -1.9715102, z: 0}
      leftTangent: {x: 0, y: 0, z: 0}
      rightTangent: {x: 0, y: 0, z: 0}
      mode: 0
      height: 1
      bevelCutoff: 0
      bevelSize: 0
      spriteIndex: 0
      corner: 0
    - position: {x: 1.4466336, y: 2.1708517, z: 0}
      leftTangent: {x: -2.4488294, y: 4.031728, z: 0}
      rightTangent: {x: 2.4488294, y: -4.031728, z: 0}
      mode: 1
      height: 1
      bevelCutoff: 0
      bevelSize: 0
      spriteIndex: 0
      corner: 0
    - position: {x: 9.76055, y: 4.262649, z: 0}
      leftTangent: {x: 0, y: 0, z: 0}
      rightTangent: {x: 0, y: 0, z: 0}
      mode: 0
      height: 1
      bevelCutoff: 0
      bevelSize: 0
      spriteIndex: 0
      corner: 0
  m_SpriteShape: {fileID: 11400000, guid: 5b48ce3c5e9acfa469faaad8cba01420, type: 2}
  m_SplineDetail: 16
  m_AdaptiveUV: 1
  m_UpdateCollider: 1
  m_ColliderDetail: 8
  m_ColliderOffset: 1
  m_ColliderCornerType: 1
--- !u!114 &114973424185010860
MonoBehaviour:
  m_ObjectHideFlags: 1
  m_CorrespondingSourceObject: {fileID: 0}
  m_PrefabInternal: {fileID: 100100000}
  m_GameObject: {fileID: 1643316674873634}
  m_Enabled: 1
  m_EditorHideFlags: 0
  m_Script: {fileID: 708705254, guid: f70555f144d8491a825f0804e09c671c, type: 3}
  m_Name: 
  m_EditorClassIdentifier: 
  m_Material: {fileID: 0}
  m_Color: {r: 1, g: 1, b: 1, a: 1}
  m_RaycastTarget: 1
  m_OnCullStateChanged:
    m_PersistentCalls:
      m_Calls: []
    m_TypeName: UnityEngine.UI.MaskableGraphic+CullStateChangedEvent, UnityEngine.UI,
      Version=1.0.0.0, Culture=neutral, PublicKeyToken=null
  m_FontData:
    m_Font: {fileID: 10102, guid: 0000000000000000e000000000000000, type: 0}
    m_FontSize: 38
    m_FontStyle: 0
    m_BestFit: 0
    m_MinSize: 3
    m_MaxSize: 48
    m_Alignment: 0
    m_AlignByGeometry: 0
    m_RichText: 1
    m_HorizontalOverflow: 0
    m_VerticalOverflow: 0
    m_LineSpacing: 1
  m_Text: 'P

    Pick Up'
--- !u!222 &222347822627052774
CanvasRenderer:
  m_ObjectHideFlags: 1
  m_CorrespondingSourceObject: {fileID: 0}
  m_PrefabInternal: {fileID: 100100000}
  m_GameObject: {fileID: 1643316674873634}
  m_CullTransparentMesh: 0
--- !u!223 &223962915730954766
Canvas:
  m_ObjectHideFlags: 1
  m_CorrespondingSourceObject: {fileID: 0}
  m_PrefabInternal: {fileID: 100100000}
  m_GameObject: {fileID: 1519802082212646}
  m_Enabled: 1
  serializedVersion: 3
  m_RenderMode: 2
  m_Camera: {fileID: 0}
  m_PlaneDistance: 100
  m_PixelPerfect: 0
  m_ReceivesEvents: 1
  m_OverrideSorting: 0
  m_OverridePixelPerfect: 0
  m_SortingBucketNormalizedSize: 0
  m_AdditionalShaderChannelsFlag: 0
  m_SortingLayerID: 0
  m_SortingOrder: 2
  m_TargetDisplay: 0
--- !u!224 &224006722071484586
RectTransform:
  m_ObjectHideFlags: 1
  m_CorrespondingSourceObject: {fileID: 0}
  m_PrefabInternal: {fileID: 100100000}
  m_GameObject: {fileID: 1519802082212646}
  m_LocalRotation: {x: -0, y: -0, z: -0, w: 1}
  m_LocalPosition: {x: 0, y: 0, z: 90}
  m_LocalScale: {x: 0.02946, y: 0.02946, z: 0.02946}
  m_Children:
  - {fileID: 224235534018367470}
  m_Father: {fileID: 4972931929839344}
  m_RootOrder: 0
  m_LocalEulerAnglesHint: {x: 0, y: 0, z: 0}
  m_AnchorMin: {x: 0, y: 0}
  m_AnchorMax: {x: 0, y: 0}
  m_AnchoredPosition: {x: 0, y: 0}
  m_SizeDelta: {x: 1920, y: 1080}
  m_Pivot: {x: 0.5, y: 0.5}
--- !u!224 &224235534018367470
RectTransform:
  m_ObjectHideFlags: 1
  m_CorrespondingSourceObject: {fileID: 0}
  m_PrefabInternal: {fileID: 100100000}
  m_GameObject: {fileID: 1643316674873634}
  m_LocalRotation: {x: 0, y: 0, z: 0, w: 1}
  m_LocalPosition: {x: 0, y: 0, z: 0}
  m_LocalScale: {x: 1, y: 1, z: 1}
  m_Children: []
  m_Father: {fileID: 224006722071484586}
  m_RootOrder: 0
  m_LocalEulerAnglesHint: {x: 0, y: 0, z: 0}
  m_AnchorMin: {x: 0.5, y: 0.5}
  m_AnchorMax: {x: 0.5, y: 0.5}
  m_AnchoredPosition: {x: -100, y: 100}
  m_SizeDelta: {x: 166.4, y: 95.68}
  m_Pivot: {x: 0.5, y: 0.5}
--- !u!1971053207 &8633865683676809144
SpriteShapeRenderer:
  m_ObjectHideFlags: 1
  m_CorrespondingSourceObject: {fileID: 0}
  m_PrefabInternal: {fileID: 100100000}
  m_GameObject: {fileID: 1985798595583508}
  m_Enabled: 1
  m_CastShadows: 1
  m_ReceiveShadows: 1
  m_DynamicOccludee: 1
  m_MotionVectors: 1
  m_LightProbeUsage: 1
  m_ReflectionProbeUsage: 1
  m_RenderingLayerMask: 4294967295
  m_Materials:
  - {fileID: 10754, guid: 0000000000000000f000000000000000, type: 0}
  m_StaticBatchInfo:
    firstSubMesh: 0
    subMeshCount: 0
  m_StaticBatchRoot: {fileID: 0}
  m_ProbeAnchor: {fileID: 0}
  m_LightProbeVolumeOverride: {fileID: 0}
  m_ScaleInLightmap: 1
  m_PreserveUVs: 0
  m_IgnoreNormalsForChartDetection: 0
  m_ImportantGI: 0
  m_StitchLightmapSeams: 0
  m_SelectedEditorRenderState: 0
  m_MinimumChartSize: 4
  m_AutoUVMaxDistance: 0.5
  m_AutoUVMaxAngle: 89
  m_LightmapParameters: {fileID: 0}
  m_SortingLayerID: 0
  m_SortingLayer: 0
  m_SortingOrder: 0
  m_Color: {r: 1, g: 1, b: 1, a: 1}
  m_MaskInteraction: 0
  m_ShapeTexture: {fileID: 0}
  m_Sprites:
  - {fileID: 21300000, guid: 7e1c7c6e3320c0e44ba9430b8c22353f, type: 3}
  - {fileID: 0}
  - {fileID: 0}
  - {fileID: 0}
  - {fileID: 0}
  - {fileID: 0}
  - {fileID: 0}
  - {fileID: 0}
  - {fileID: 0}
  m_LocalAABB:
    m_Center: {x: 3.9389203, y: 1.5486777, z: 0}
    m_Extent: {x: 6.734848, y: 3.610871, z: 0}
